@misc{itsspot,
  author       = {Ministry of Land, Infrastructure, Transport and Tourism},
  title        = {{ITS}spot},
  howpublished = {\url{https://www.mlit.go.jp/road/ITS/j-html/spot_dsrc/index.html}},
  year         = {reference 2022}
}

@misc{etc2.0Location,
  author       = {Ministry of Land, Infrastructure, Transport and Tourism},
  title        = {{ETC} 2.0 roadside unit installation locations nationwide},
  howpublished = {\url{https://www.mlit.go.jp/road/ITS/j-html/spot_dsrc/tenkai.html}},
  year         = {reference 2022}
}

@misc{obstacles,
  author = {Ministry of Land, Infrastructure, Transport and Tourism},
  howpublished = {\url{http://www.nss-corp.co.jp/pdf/sjnk1807.pdf}},
  title = {Fallen objects on the highway(in Japanese)},
  year = {2018}
}

@article{hisatoku,
  title = {Detection of unspecified obstacles based on road surface difference from previous on-board camera images},
  author = {Yuya Kutoku and Daisuke Exit and Tomokazu Takahashi and Keito Megata and Ichiro Inote and Yo Murase},
  journal = {IEICE Technical Report, PRMU (Pattern Recognition and Media Understanding)},
  volume = {109},
  number = {470},
  pages = {235--240},
  year = {2010}
}

@inproceedings{wang2021front,
  title={Front obstacle detection system based on YOLOv3},
  author={Wang, Chao and Huang, Yiyang and Shi, Bowen},
  booktitle={Journal of Physics: Conference Series},
  volume={1732},
  number={1},
  pages={012112},
  year={2021},
  organization={IOP Publishing}
}

@manual{sumo,
  author = {Robin Hartshorne},
  title = {SUMO -- Simulation of Urban Mo- bility,DLR - Institute of Transportation Systems}
}

@misc{syasyukubun,
  author = {NEXCO East Japan},
  howpublished = {\url{http://www.globus.org/toolkit/}},
  title = {Highway vehicle type classification(in Japanese)},
  year = {2020}
}

@misc{probdata_format,
  title = {2 Reports of Joint Research Individual Meetings on the Development of Industry-Academia-Government Collaboration Services Utilizing the ITS Spot Common Platform},
  year = {2015},
  author = {Ministry of Land, Infrastructure, Transport and Tourism National Institute for Land and Infrastructure Management},
  pages = {13}
}


@article{tadokoro,
  title = {A Study on Road Obstacle Detection Using Machine Learning (Highly Reliable Control and Communication)},
  author = {Kazuki Tadokoro and Masahiro Fujii and Hiroyuki Hatano},
  journal = {IEICE technical report: IEICE Technical Report},
  volume = {115},
  number = {366},
  pages = {1--6},
  year = {2015},
  publisher = {The Institute of Electronics, Information and Communication Engineers}
}

@inproceedings{chen2001one,
  title = {One-class SVM for learning in image retrieval},
  author = {Chen, Yunqiang and Zhou, Xiang Sean and Huang, Thomas S},
  booktitle = {Proceedings 2001 International Conference on Image Processing (Cat. No. 01CH37205)},
  volume = {1},
  pages = {34--37},
  year = {2001},
  organization = {IEEE}
}
@misc{Isolationforest,
  doi = {10.48550/ARXIV.2111.15432},
  url = {https://arxiv.org/abs/2111.15432},
  author = {Barbariol, Tommaso and Susto, Gian Antonio},
  keywords = {Machine Learning (cs.LG), FOS: Computer and information sciences, FOS: Computer and information sciences},
  title = {TiWS-iForest: Isolation Forest in Weakly Supervised and Tiny ML scenarios},
  publisher = {arXiv},
  year = {2021},
  copyright = {Creative Commons Attribution 4.0 International}
}

@misc{bank2021autoencoders,
  title = {Autoencoders},
  author = {Dor Bank and Noam Koenigstein and Raja Giryes},
  year = {2021},
  eprint = {2003.05991},
  archiveprefix = {arXiv},
  primaryclass = {cs.LG}
}

@article{kinami,
  title = {Basic Study of Social Disruption Detection System by Machine Learning Using Human Flow Data},
  author = {Yuki Kinami and Nagumi Kiritani and Shingo Takeshi and Yasunori Endo},
  journal = {Proceedings of the Fuzzy Systems Symposium of the Japan Society for Fuzzy Informatics},
  volume = {36},
  pages = {431-436},
  year = {2020},
  doi = {10.14864/fss.36.0_431}
}

@inproceedings{sakurada,
  title = {Anomaly detection of spacecraft by dimensionality reduction using auto encoder},
  author = {Mayu Sakurada and Kenhisa Yazari},
  booktitle = {Proceedings of the National Conference of the Society for Artificial Intelligence, 28th (2014)},
  pages = {2F32--2F32},
  year = {2014},
  organization = {The Japanese Society for Artificial Intelligence}
}
